<record><leader>00000cas a22000007a 4500</leader><controlfield tag="001">13476043</controlfield><controlfield tag="008">860422c19709999wvuwr ne      0   a0eng c</controlfield><controlfield tag="009">6116</controlfield><datafield ind1=" " ind2=" " tag="010"><subfield code="a">sn 86092531 </subfield></datafield><datafield ind1=" " ind2=" " tag="040"><subfield code="a">WVC</subfield><subfield code="b">eng</subfield><subfield code="c">WVC</subfield><subfield code="d">OCL</subfield><subfield code="d">DLC</subfield><subfield code="d">NSD</subfield><subfield code="d">OCL</subfield><subfield code="d">OCLCQ</subfield></datafield><datafield ind1=" " ind2=" " tag="012"><subfield code="m">1</subfield></datafield><datafield ind1=" " ind2=" " tag="019"><subfield code="a">2259038</subfield></datafield><datafield ind1="1" ind2=" " tag="022"><subfield code="a">1088-6176</subfield><subfield code="l">1088-6176</subfield><subfield code="2">1</subfield></datafield><datafield ind1="1" ind2=" " tag="029"><subfield code="a">AU@</subfield><subfield code="b">000012363884</subfield></datafield><datafield ind1=" " ind2=" " tag="032"><subfield code="a">676820</subfield><subfield code="b">USPS</subfield></datafield><datafield ind1=" " ind2=" " tag="042"><subfield code="a">nsdp</subfield><subfield code="a">pcc</subfield></datafield><datafield ind1="0" ind2=" " tag="130"><subfield code="a">Catholic spirit (Wheeling, W. Va.)</subfield></datafield><datafield ind1=" " ind2="4" tag="222"><subfield code="a">The Catholic spirit</subfield></datafield><datafield ind1="0" ind2="4" tag="245"><subfield code="a">The Catholic spirit.</subfield></datafield><datafield ind1=" " ind2=" " tag="260"><subfield code="a">Wheeling, W. Va. :</subfield><subfield code="b">Catholic Diocese of Wheeling,</subfield><subfield code="c">1970-</subfield></datafield><datafield ind1=" " ind2=" " tag="300"><subfield code="a">v.</subfield></datafield><datafield ind1=" " ind2=" " tag="310"><subfield code="a">Weekly,</subfield><subfield code="b">Sept. 10, 1976-</subfield></datafield><datafield ind1=" " ind2=" " tag="321"><subfield code="a">Bi-weekly,</subfield><subfield code="b">Jan. 2, 1970-Sept. 3, 1976</subfield></datafield><datafield ind1="0" ind2=" " tag="362"><subfield code="a">Vol. 1, no. 1 (Jan. 2, 1970)-</subfield></datafield><datafield ind1=" " ind2=" " tag="521"><subfield code="a">Roman Catholic</subfield></datafield><datafield ind1=" " ind2=" " tag="752"><subfield code="a">United States</subfield><subfield code="b">West Virginia</subfield><subfield code="c">Ohio</subfield><subfield code="d">Wheeling.</subfield></datafield></record>